@book{shen2016probability,
  title={Вероятность: примеры и задачи},
  author={Шень, Александр},
  year={2016},
  publisher={Litres}
}